@misc {Datasheet,
    author = "Texas Instrument",
    title  = "Datasheet SN74HC595",
    year   = "2021",
    url    = "https://www.ti.com/product/SN74HC595"
}
